@article{ayan2020probability,
  title={Probability Analysis of Age of Information in Multi-hop Networks},
  author={Ayan, Onur and G{\"u}rsu, H Murat and Papa, Arled and Kellerer, Wolfgang},
  journal={IEEE Networking Letters},
  volume={2},
  number={2},
  pages={76--80},
  year={2020},
  publisher={IEEE}
}

@article{elliott1963estimates,
  title={Estimates of error rates for codes on burst-noise channels},
  author={Elliott, Edwin O},
  journal={The Bell System Technical Journal},
  volume={42},
  number={5},
  pages={1977--1997},
  year={1963},
  publisher={Nokia Bell Labs}
}

@article{gilbert1960capacity,
  title={Capacity of a burst-noise channel},
  author={Gilbert, Edgar N},
  journal={Bell system technical journal},
  volume={39},
  number={5},
  pages={1253--1265},
  year={1960},
  publisher={Wiley Online Library}
}

@book{bertsekas1995dynamic,
  title={Dynamic programming and optimal control},
  author={Bertsekas, Dimitri P and Bertsekas, Dimitri P and Bertsekas, Dimitri P and Bertsekas, Dimitri P},
  volume={1},
  number={2},
  year={1995},
  publisher={Athena scientific Belmont, MA}
}

@book{wong2009wireless,
  title={Wireless broadband networks},
  author={Wong, David T and Kong, Peng-Yong and Liang, Ying-Chang and Chua, Kee C},
  year={2009},
  publisher={John Wiley \& Sons}
}

@Article{griswold90,
  author = 	 {Griswold, J. S. and Lightle, T. L. and Lovelady, J. G.},
  title = 	 {{Hurricane Hugo: Effect On State Government Communications.}},
  journal = 	 {IEEE Communications Magazine},
  year = 	 1990,
  volume =	 28,
  number =	 6,
  pages =	 {12-17}
}

@Book{eberspaecher97,
  author =	 {Ebersp"acher, J. and V"ogel, H.-J.},
  title = 	 {{GSM - Global System for Mobile Communication. 
        Vermittlung, Dienste und Protokolle in digitalen Mobilfunknetzen.}},
  publisher = 	 {Teubner, Stuttgart},
  year = 	 1997
}

@Misc{arnaud99,
  author =	 {Arnaud, B.~St.},
  title =	 {{Gigabit Internet to every Canadian Home by 2005}},
  howpublished = {\url{http://www.canet2.net/archeng/home.html}},
  year =	 1999
}

